<record><leader>00000cas a22000007a 4500</leader><controlfield tag="001">31059495</controlfield><controlfield tag="008">940907d18431843mauuu ne      0    0eng d</controlfield><datafield ind1=" " ind2=" " tag="010"><subfield code="a">sn 94055849 </subfield></datafield><datafield ind1=" " ind2=" " tag="040"><subfield code="a">MGN</subfield><subfield code="b">eng</subfield><subfield code="c">MGN</subfield><subfield code="d">OCLCQ</subfield></datafield><datafield ind1=" " ind2=" " tag="042"><subfield code="a">msc</subfield></datafield><datafield ind1="0" ind2=" " tag="130"><subfield code="a">Voice of the people (Lynn, Mass.)</subfield></datafield><datafield ind1="1" ind2="0" tag="245"><subfield code="a">Voice of the people.</subfield></datafield><datafield ind1=" " ind2=" " tag="260"><subfield code="a">Lynn [Mass.] :</subfield><subfield code="b">Thornibus Thornby</subfield></datafield><datafield ind1=" " ind2=" " tag="300"><subfield code="a">v.</subfield></datafield><datafield ind1="0" ind2=" " tag="362"><subfield code="a">Vol. 1, no. 1 (Nov. 4, 1843)-</subfield></datafield><datafield ind1=" " ind2=" " tag="500"><subfield code="a">Published simultaneously in Salem, Mass.</subfield></datafield><datafield ind1=" " ind2=" " tag="500"><subfield code="a">Whig campaign paper for the state election.</subfield></datafield><datafield ind1=" " ind2=" " tag="752"><subfield code="a">United States</subfield><subfield code="b">Massachusetts</subfield><subfield code="c">Essex</subfield><subfield code="d">Lynn.</subfield></datafield><datafield ind1=" " ind2=" " tag="752"><subfield code="a">United States</subfield><subfield code="b">Massachusetts</subfield><subfield code="c">Essex</subfield><subfield code="d">Salem.</subfield></datafield></record>